@book{lamport94,
    author    = "Leslie Lamport",
    title     = "{LaTeX}: A Document Preparation System",
    publisher = "Addison-Wesley",
    year      = 1994
}

@misc{github,
    author = "Marco Tallone",
    title  = "LaTeX Templates",
    url    = "https://github.com/marcotallone/notex",
}

@misc{overleaf,
    author = "Overleaf",
    title  = "Overleaf",
    url    = "https://www.overleaf.com"
}
